@Book{hainaut2012bases,
 author = {Hainaut, Jean-Luc},
 title = {Bases de données},
 subtitle = {Concepts, utilisation et développement : cours et exercices corrigés},
 publisher = {Dunod},
 year = {2012},
 address = {Paris},
 isbn = {9782100574100}
 }

 @Book{jurafsky2009speech,
 author = {Jurafsky, Dan},
 title = {Speech and language processing},
 subtitle = {An introduction to natural language processing, computational linguistics, and speech recognition},
 publisher = {Pearson Prentice Hall},
 year = {2009},
 address = {Upper Saddle River, N.J. London},
 isbn = {9780135041963}
 }

@Book{nlpwithpython,
 author = {Bird, Steven},
 title = {Natural language processing with Python},
 publisher = {O'Reilly},
 year = {2009},
 address = {Beijing Cambridge Mass},
 isbn = {9780596516499}
 }
